1427 2333
309 487 827 96 des Maladies des Nerfs, du

165 587 976 95 docteur Whytt, étant épuiſée,

159 682 985 76 nous avons cru rendre celle-ci

167 762 981 93 plus intéreſſante, en ſubſtituant

161 849 987 93 à l'Expoſition anatomique des

173 933 971 91 Nerfs, du docteur Monro, la¬

171 1026 977 88 quelle ſe trouve dans tous les li¬

182 1115 978 76 vres d'anatomie, un extrait de

181 1199 975 89 l'ouvrage de M. Whytt ſur les

182 1287 980 79 Mouvements involontaires des

179 1378 983 76 Animaux. Cet extrait nous a paru

182 1462 984 89 très-propre à ſervir d'Introduc¬

188 1545 980 86 tion aux Maladies des Nerfs.

198 1638 972 78 L'auteur a fait des expériences

196 1720 981 88 curieuſes ſur la fonction de l'é¬

196 1811 979 86 conomie animale, la plus obſ¬

202 1901 973 76 cure & en même temps la plus

206 1984 978 92 capable d'éclairer la pratique,

278 2082 730 70 Tome I. a

198 274 864 101 AVIS DE L'ÉDITEUR.

168 402 966 193 LA premiere édition du Traité
