1416 2319
292 114 812 86 ij. AVIS DE L'ÉDITEUR.

292 216 967 73 ſi on parvenoit à en mieux con¬

290 293 969 91 noître l’étiologie. Si le docteur

299 380 958 99 Whytt n’a pas épuiſé ſon ſujet,

288 469 973 81 Il a du moins détruit les théories

288 554 973 104 fauſſes qu’on avoit imaginées

288 645 971 99 avant lui. L’écrivain qui, dans

288 734 969 96 la pouſſiere de ſon cabinet, pré¬

286 819 971 89 tend, par la force de ſon ima¬

295 902 970 95 gination, déchirer le voile dont

284 995 973 94 la nature eſt enveloppée, ajoute

288 1078 973 96 un obſtacle de plus à celui qui

288 1165 969 91 cherche la vérité par la voie de

290 1252 967 98 l’obſervation & des expériences.

294 1341 961 77 Nous avous donc une double

294 1428 965 98 obligation à l’homme de génie

294 1515 971 96 qui, pour établir une vérité, ſe

292 1600 965 79 trouve forcé de détruire les er¬

294 1687 957 94 reurs dont les écrivains ſyſtéma¬

290 1774 967 92 tiques l’ont environnée. Depuis

288 1860 969 93 qu’on raiſonne, ou plutôt qu’on

292 1946 959 104 déraiſonne ſur l’économie ani¬
