1376 2304
336 120 822 73 AVIS DE L'EDITEUR. iij

172 197 975 104 male, quel amas prodigieux d'er¬

176 305 978 80 reurs n’a-t-on pas conſigné dans

172 364 977 108 les livres ? Après en avoir paſſé

176 472 973 88 en revue une partie, on eſt obligé

174 554 984 89 d’oublier qu’il en exiſte; on ſe

174 645 975 86 trouve ramené malgré ſoi à l’ob¬

171 731 980 86 ſervation & au trés-petit nom¬

176 814 988 80 bre d’obſervateuts exacts. C’eſt

186 908 972 82 parmi ces derniers que doit être

184 988 976 85 placé l'auteur de cet Eſſai ; &

184 1080 972 77 c’eſt ce qui nous a déterminé à

182 1165 346 81 le traduire.

255 1251 899 91 Rien n’eſt plus important que

180 1336 969 88 d’éclairer le public ſur les mala¬

182 1426 969 83 dies nerveuſes, leurs diſférences,

184 1512 972 79 & les diverſes méthodes de les

186 1603 970 84 traiter, parce que c’eſt dans cette

199 1689 963 87 partie de l’art de guérir que les

186 1772 974 84 charlatans abuſent le plus de la

190 1858 970 88 puſillanimité des malades, de la

188 1944 966 93 crédulité de ceux qui les envi¬

862 2042 95 96 a ij.
